@book{
  walt1987,
  author = {Walt, Stephen M.},
  year = {1987},
  title = {The Origin of Alliances},
  publisher = {Ithica: Cornell University Press}
}
@article{
  alesinaDollar2000,
  author = {Alesina, Alberto and David Dollar},
  year = {2000},
  title = {Who Gives Foreign Aid to Whom and Why?},
  journal = {Journal of Economic Growth},
  volume = {5(1)},
  pages = {33-63}
}
@article{
  leedsEtAl2002,
  author = {Leeds, {Brett Ashley} and Jeffrey M. Ritter and Sarah McLaughlin Mitchell and Andrew G. Long},
  year = {2002},
  title = {Alliance Treaty Obligations and Provisions, 1815-1944},
  journal = {International Interactions},
  volume = {28},
  pages = {237-260}
}
@article{
  lupuPoast2016,
  author = {Lupu, Yonatan and Paul Poast},
  year = {2016},
  title = {Team of Former Rivals: A Multi-lateral Theory of Non-aggression Pacts},
  journal = {Journal of Peace Research},
  volume = {53(3)},
  pages = {344-358}
}
@book{
  bermeo2018,
  author = {Bermeo, {Sarah Blodgett}},
  year = {2018},
  title = {Targeted Development: Industrialized Country Strategy in a Globalizing World},
  publisher = {New York: Oxford University Press}
}
@article{
  dietrich2013,
  author = {Dietrich, Simone},
  year = {2013},
  title = {Bypass or Engage? Explaining Donor Delivery Tactics in Foreign Aid Allocation},
  journal = {International Studies Quarterly},
  volume = {57(4)},
  pages = {698-712}
}
@book{
  dietrich2021,
  author = {Dietrich, Simone},
  year = {2021},
  title = {States, Markets, and Foreign Aid},
  publisher = {Cambridge: Cambridge University Press}
}
@article{
  steinwand2015,
  author = {Steinwand, {Martin C.}},
  year = {2015},
  title = {Compete or Coordinate? Aid Fragmentation and Lead Donorship},
  journal = {International Organization},
  volume = {69(2)},
  pages = {443-472}
}
@article{
  bermeo2017,
  author = {Bermeo, {Sarah Blodgett}},
  year = {2017},
  title = {Aid Allocation and Targeted Development in an Increasingly Connected World},
  journal = {International Organization},
  volume = {71(4)},
  pages = {735-766}
}
@article{
  heinrich2013,
  author = {Heinrich, Tobias},
  year = {2013},
  title = {When Is Foreign Aid Selfish, When Is it Selfless?},
  journal = {Journal of Politics},
  volume = {75(2)},
  pages = {422-435}
}
@article{
  markovitsEtAl2019,
    author = {Markovits, Daniel and Strange, Austin and Tingley, Dustin},
    title = "{Foreign Aid and the Status Quo: Evidence from Pre-Marshall Plan Aid}",
    journal = {The Chinese Journal of International Politics},
    volume = {12},
    number = {4},
    pages = {585-613},
    year = {2019}
}
@article{morgenthau1962,
 author = {Hans Morgenthau},
 journal = {The American Political Science Review},
 number = {2},
 pages = {301-309},
 title = {A Political Theory of Foreign Aid},
 volume = {56},
 year = {1962}
}
@article{
  collierHoeffler2007,
  author = {Collier, Paul and Anke Hoeffler},
  year = {2007},
  title = {Unintended Consequences: Does Aid Promote Arms Races?},
  journal = {Oxford Bulletin of Economics and Statistics},
  volume = {69(1)},
  pages = {1-27}
}
@article{
  lundborg1998,
  author = {Lundborg, Per},
  title = {Foreign Aid and International Support as a Gift Exchange},
  journal = {Economics \& Politics},
  volume = {10},
  number = {2},
  pages = {127-142},
  year = {1998}
}
@article{
    bdms2016,
    author = {{Bueno de Mesquita}, Bruce and Alastair Smith},
    title = {Competition and Collaboration in Aid-for-Policy Deals},
    journal = {International Studies Quarterly},
    volume = {60},
    number = {3},
    pages = {413-426},
    year = {2016}
}
@article{kabir2019,
author = {Kabir, Muhammad},
title ={The Role of Side Payments in the Formation of Asymmetric Alliances: Forging the US–Pakistan Alliance},
journal = {Journal of Asian Security and International Affairs},
volume = {6},
number = {2},
pages = {162-188},
year = {2019}
}
@article{meernikEtAl1998,
 author = {James Meernik and Eric L. Krueger and Steven C. Poe},
 journal = {The Journal of Politics},
 number = {1},
 pages = {63-85},
 title = {Testing Models of U.S. Foreign Policy: Foreign Aid during and after the Cold War},
 volume = {60},
 year = {1998}
}
@article{palmerEtAl2002,
author = {Palmer, Glenn and Scott B. Wohlander and {T. Clifton} Morgan},
title ={Give or Take: Foreign Aid and Foreign Policy Substitutability},
journal = {Journal of Peace Research},
volume = {39},
number = {1},
pages = {5-26},
year = {2002}
}
@article{
 bdms2009,
 author = {Bruce {Bueno de Mesquita} and Alastair Smith},
 journal = {International Organization},
 number = {2},
 pages = {309-340},
 title = {A Political Economy of Aid},
 volume = {63},
 year = {2009}
}
@article{chibaEtAl2015,
 author = {Daina Chiba and Jesse C. Johnson and Brett Ashley Leeds},
 journal = {The Journal of Politics},
 number = {4},
 pages = {968-982},
 title = {Careful Commitments: Democratic States and Alliance Design},
 volume = {77},
 year = {2015}
}
@article{johnsonLeeds2011,
    author = {Johnson, Jesse C. and Leeds, Brett Ashley},
    title = "{Defense Pacts: A Prescription for Peace?1}",
    journal = {Foreign Policy Analysis},
    volume = {7},
    number = {1},
    pages = {45-65},
    year = {2011}
}
@article{leeds2003,
 author = {Brett Ashley Leeds},
 journal = {American Journal of Political Science},
 number = {3},
 pages = {427-439},
 title = {Do Alliances Deter Aggression? The Influence of Military Alliances on the Initiation of Militarized Interstate Disputes},
 volume = {47},
 year = {2003}
}
@book{palmerMorgan2006,
 author = {Glenn Palmer and T. Clifton Morgan},
 title = {A Theory of Foreign Policy},
 year = {2006},
 publisher = {Princeton: Princeton University Press}
}
@article{
  bw2020,
  author = {Marc F. Bellemare and Casey J. Wichman},
  year = {2020},
  title = {Elasticities and the Inverse Hyperbolic Sine Transformation},
  journal = {Oxford Bulletin of Economics and Statistics},
  volume = {82(1)},
  pages = {50-61}
}
@article{
  leeds2022,
  author = {Leeds, Brett Ashley},
  year = {2020},
  title = {Alliance Treaty Obligations and Provisions (ATOP) Codebook},
  url = {http://www.atopdata.org/uploads/6/9/1/3/69134503/atop_5_1_codebook.pdf}
}
@article{feenstraEtAl2015,
author = {Feenstra, Robert C. and Inklaar, Robert and Timmer, Marcel P.},
title = {The Next Generation of the Penn World Table},
journal = {American Economic Review},
volume = {105},
number = {10},
year = {2015},
pages = {3150-3182}
}
@article{daviesEtAl2022,
author = {Shawn Davies and Therése Pettersson and Magnus Öberg},
title ={Organized violence 1989–2021 and drone warfare},
journal = {Journal of Peace Research},
volume = {59},
number = {4},
pages = {593-610},
year = {2022}
}
@article{gleditschEtAl2002,
author = {NILS PETTER GLEDITSCH and PETER WALLENSTEEN and MIKAEL ERIKSSON and MARGARETA SOLLENBERG and HÅVARD STRAND},
title ={Armed Conflict 1946-2001: A New Dataset},
journal = {Journal of Peace Research},
volume = {39},
number = {5},
pages = {615-637},
year = {2002}
}
@article{
  conteEtAl2022,
  author = {Conte, Maddalena and Pierre Cotterlaz and Thierry Mayer},
  year = {2022},
  title = {The {CEPII} Gravity Database},
  volume = {{CEPII} Working Paper No. 2022-05}
}
@article{
  berthelemyTichit2004,
  author = {{Jean-Claude} Berthélemy and Ariane Tichit},
  year = {2004},
  title = {Bilateral Donor's Aid Allocation Decisions: A Three-dimensional Panel Analysis},
  journal = {International Review of Economics \& Finance},
  volume = {13},
  number = 3,
  pages = {253-274}
}
@article{nielsen2014,
    author = {Nielsen, Richard A.},
    title = {Rewarding Human Rights? Selective Aid Sanctions against Repressive States},
    journal = {International Studies Quarterly},
    volume = {57},
    number = {4},
    pages = {791-803},
    year = {2014}
}
@article{silvaTenreyro2006,
    author = {Silva, {J.M.C. Santos} and Silvana Tenreyro},
    title = {The Log of Gravity},
    journal = {The Review of Economics and Statistics},
    volume = {88},
    number = {4},
    pages = {641-658},
    year = {2006}
}
@article{martinPham2020,
author = {William Martin and Cong S. Pham},
title = {Estimating the gravity model when zero trade flows are frequent and economically determined},
journal = {Applied Economics},
volume = {52},
number = {26},
pages = {2766-2779},
year  = {2020}
}
@book{
  rapp-hooper2020,
  author = {{Rapp-Hooper}, Mira},
  year = {2020},
  title = {Shields of the Republic: The Triumph and Peril of America's Alliances},
  publisher = {Cambridge: Havard University Press}
}